01REMESSA01COBRANCA       00000000000001054508AGNETECH SOLUCOES EMPRESARIAIS237BRADESCO       280815        MX0002165                                                                                                                                                                                                                                                                                     000001
001800701250001839970009000000018399700000000000000000000052192372000500061551964P00000000002N           0  01005654165420111500000000012000000000001N161115000000000000000002011150000000000000000000000000000000000000000100009191332400THIAGO HENRIQUE PEQUENO DA SILVA        RUA CAPITAO LIMA, RECIFE, PERNAMBUCO                54100230                                                            000002
001800701250001839970009000000018399700000000000000000000052192372000500061551964P00000000002N           0  01005654165420111500000000012000000000001N161115000000000000000002011150000000000000000000000000000000000000000100009191332400THIAGO HENRIQUE PEQUENO DA SILVA        RUA CAPITAO LIMA, RECIFE, PERNAMBUCO                54100230                                                            000003
001800701250001839970009000000018399700000000000000000000052192372000500061551964P00000000002N           0  01005654165420111500000000012000000000001N161115000000000000000002011150000000000000000000000000000000000000000100009191332400THIAGO HENRIQUE PEQUENO DA SILVA        RUA CAPITAO LIMA, RECIFE, PERNAMBUCO                54100230                                                            000004
001800701250001839970009000000018399700000000000000000000052192372000500061551964P00000000002N           0  01005654165420111500000000012000000000001N161115000000000000000002011150000000000000000000000000000000000000000100009191332400THIAGO HENRIQUE PEQUENO DA SILVA        RUA CAPITAO LIMA, RECIFE, PERNAMBUCO                54100230                                                            000005
001800701250001839970009000000018399700000000000000000000052192372000500061551964P00000000002N           0  01005654165420111500000000012000000000001N161115000000000000000002011150000000000000000000000000000000000000000100009191332400THIAGO HENRIQUE PEQUENO DA SILVA        RUA CAPITAO LIMA, RECIFE, PERNAMBUCO                54100230                                                            000006
001800701250001839970009000000018399700000000000000000000052192372000500061551964P00000000002N           0  01005654165420111500000000012000000000001N161115000000000000000002011150000000000000000000000000000000000000000100009191332400THIAGO HENRIQUE PEQUENO DA SILVA        RUA CAPITAO LIMA, RECIFE, PERNAMBUCO                54100230                                                            000007
001800701250001839970009000000018399700000000000000000000052192372000500061551964P00000000002N           0  01005654165420111500000000012000000000001N161115000000000000000002011150000000000000000000000000000000000000000100009191332400THIAGO HENRIQUE PEQUENO DA SILVA        RUA CAPITAO LIMA, RECIFE, PERNAMBUCO                54100230                                                            000008
001800701250001839970009000000018399700000000000000000000052192372000500061551964P00000000002N           0  01005654165420111500000000012000000000001N161115000000000000000002011150000000000000000000000000000000000000000100009191332400THIAGO HENRIQUE PEQUENO DA SILVA        RUA CAPITAO LIMA, RECIFE, PERNAMBUCO                54100230                                                            000009
001800701250001839970009000000018399700000000000000000000052192372000500061551964P00000000002N           0  01005654165420111500000000012000000000001N161115000000000000000002011150000000000000000000000000000000000000000100009191332400THIAGO HENRIQUE PEQUENO DA SILVA        RUA CAPITAO LIMA, RECIFE, PERNAMBUCO                54100230                                                            000010
001800701250001839970009000000018399700000000000000000000052192372000500061551964P00000000002N           0  01005654165420111500000000012000000000001N161115000000000000000002011150000000000000000000000000000000000000000100009191332400THIAGO HENRIQUE PEQUENO DA SILVA        RUA CAPITAO LIMA, RECIFE, PERNAMBUCO                54100230                                                            000011
001800701250001839970009000000018399700000000000000000000052192372000500061551964P00000000002N           0  01005654165420111500000000012000000000001N161115000000000000000002011150000000000000000000000000000000000000000100009191332400THIAGO HENRIQUE PEQUENO DA SILVA        RUA CAPITAO LIMA, RECIFE, PERNAMBUCO                54100230                                                            000012
001800701250001839970009000000018399700000000000000000000052192372000500061551964P00000000002N           0  01005654165420111500000000012000000000001N161115000000000000000002011150000000000000000000000000000000000000000100009191332400THIAGO HENRIQUE PEQUENO DA SILVA        RUA CAPITAO LIMA, RECIFE, PERNAMBUCO                54100230                                                            000013
001800701250001839970009000000018399700000000000000000000052192372000500061551964P00000000002N           0  01005654165420111500000000012000000000001N161115000000000000000002011150000000000000000000000000000000000000000100009191332400THIAGO HENRIQUE PEQUENO DA SILVA        RUA CAPITAO LIMA, RECIFE, PERNAMBUCO                54100230                                                            000014
001800701250001839970009000000018399700000000000000000000052192372000500061551964P00000000002N           0  01005654165420111500000000012000000000001N161115000000000000000002011150000000000000000000000000000000000000000100009191332400THIAGO HENRIQUE PEQUENO DA SILVA        RUA CAPITAO LIMA, RECIFE, PERNAMBUCO                54100230                                                            000015
001800701250001839970009000000018399700000000000000000000052192372000500061551964P00000000002N           0  01005654165420111500000000012000000000001N161115000000000000000002011150000000000000000000000000000000000000000100009191332400THIAGO HENRIQUE PEQUENO DA SILVA        RUA CAPITAO LIMA, RECIFE, PERNAMBUCO                54100230                                                            000016
001800701250001839970009000000018399700000000000000000000052192372000500061551964P00000000002N           0  01005654165420111500000000012000000000001N161115000000000000000002011150000000000000000000000000000000000000000100009191332400THIAGO HENRIQUE PEQUENO DA SILVA        RUA CAPITAO LIMA, RECIFE, PERNAMBUCO                54100230                                                            000017
001800701250001839970009000000018399700000000000000000000052192372000500061551964P00000000002N           0  01005654165420111500000000012000000000001N161115000000000000000002011150000000000000000000000000000000000000000100009191332400THIAGO HENRIQUE PEQUENO DA SILVA        RUA CAPITAO LIMA, RECIFE, PERNAMBUCO                54100230                                                            000018
001800701250001839970009000000018399700000000000000000000052192372000500061551964P00000000002N           0  01005654165420111500000000012000000000001N161115000000000000000002011150000000000000000000000000000000000000000100009191332400THIAGO HENRIQUE PEQUENO DA SILVA        RUA CAPITAO LIMA, RECIFE, PERNAMBUCO                54100230                                                            000019
001800701250001839970009000000018399700000000000000000000052192372000500061551964P00000000002N           0  01005654165420111500000000012000000000001N161115000000000000000002011150000000000000000000000000000000000000000100009191332400THIAGO HENRIQUE PEQUENO DA SILVA        RUA CAPITAO LIMA, RECIFE, PERNAMBUCO                54100230                                                            000020
001800701250001839970009000000018399700000000000000000000052192372000500061551964P00000000002N           0  01005654165420111500000000012000000000001N161115000000000000000002011150000000000000000000000000000000000000000100009191332400THIAGO HENRIQUE PEQUENO DA SILVA        RUA CAPITAO LIMA, RECIFE, PERNAMBUCO                54100230                                                            000021
9                                                                                                                                                                                                                                                                                                                                                                                                         000022